[gd_scene load_steps=14 format=2]

[ext_resource path="res://components/engine.gd" type="Script" id=1]
[ext_resource path="res://components/elastic_camera.gd" type="Script" id=2]
[ext_resource path="res://components/player.tscn" type="PackedScene" id=3]
[ext_resource path="res://graphic/bg.jpg.png" type="Texture" id=4]
[ext_resource path="res://graphic/trees.png" type="Texture" id=5]
[ext_resource path="res://graphic/Island.png" type="Texture" id=6]
[ext_resource path="res://components/island.tscn" type="PackedScene" id=7]
[ext_resource path="res://sound/Epic_Pirate_Battle_Music_peter_crowley.ogg" type="AudioStream" id=8]
[ext_resource path="res://components/hud.gd" type="Script" id=9]
[ext_resource path="res://graphic/Carrot.png" type="Texture" id=10]
[ext_resource path="res://graphic/Rabbit_Blue.png" type="Texture" id=11]
[ext_resource path="res://graphic/Rabbit_Red.png" type="Texture" id=12]
[ext_resource path="res://particles/explosion_particle.tscn" type="PackedScene" id=13]

[node name="Node2D" type="Node2D"]
script = ExtResource( 1 )
_sections_unfolded = [ "Transform" ]

[node name="game_place" type="Node2D" parent="."]
_sections_unfolded = [ "Transform" ]

[node name="elastic_camera" type="Camera2D" parent="game_place"]
position = Vector2( 9180.91, 2842.08 )
anchor_mode = 0
rotating = false
current = true
zoom = Vector2( 6, 6 )
limit_left = -276447232
limit_top = -276447232
limit_right = 10000000
limit_bottom = 10000000
limit_smoothed = false
drag_margin_h_enabled = true
drag_margin_v_enabled = true
smoothing_enabled = false
smoothing_speed = 5.0
offset_v = 0.0
offset_h = 0.0
drag_margin_left = 0.2
drag_margin_top = 0.2
drag_margin_right = 0.2
drag_margin_bottom = 0.2
editor_draw_screen = true
editor_draw_limits = false
editor_draw_drag_margin = false
script = ExtResource( 2 )
_sections_unfolded = [ "Drag Margin", "Editor", "Limit", "Offset", "Smoothing", "Transform" ]
first_target_path = NodePath("../player_2")
second_target_path = NodePath("../player_1")
margin = Vector2( 400, 400 )

[node name="player_1" parent="game_place" instance=ExtResource( 3 )]
position = Vector2( 882.671, 2527.51 )
collision_mask = 11
damage = 20.0
input_prefix = "p1"
bullet_collision_layer = 2

[node name="player_2" parent="game_place" instance=ExtResource( 3 )]
position = Vector2( 4394.76, 2677.06 )
collision_mask = 7
damage = 20.0
input_prefix = "p2"
bullet_collision_layer = 3

[node name="Node2D" type="Node2D" parent="game_place"]
editor/display_folded = true
__meta__ = {
"_edit_lock_": true
}

[node name="bgjpg" type="Sprite" parent="game_place/Node2D"]
position = Vector2( 3483.67, 2003.84 )
scale = Vector2( 5.80627, 6.144 )
texture = ExtResource( 4 )

[node name="trees" type="Sprite" parent="game_place/Node2D"]
position = Vector2( 2631.91, 1541.69 )
scale = Vector2( 2.91251, 3.22861 )
texture = ExtResource( 5 )

[node name="StaticBody2D" type="StaticBody2D" parent="game_place"]
editor/display_folded = true
input_pickable = false
collision_layer = 1
collision_mask = 6
constant_linear_velocity = Vector2( 0, 0 )
constant_angular_velocity = 0.0
physics_material_override = null
_sections_unfolded = [ "Collision" ]

[node name="CollisionPolygon2D" type="CollisionPolygon2D" parent="game_place/StaticBody2D"]
position = Vector2( 3.83942, 1.27979 )
z_index = 4
build_mode = 0
polygon = PoolVector2Array( 9.09116, 23.1367, 5006.16, -34.4399, 4833.24, 2940.88, -38.1758, 2994.54, 9.9274, 25.2273, 9.10645, -49.5852, -77.8726, -45.8839, -97.8013, 3221.12, 4767.65, 3137.65, 5316.21, 3113.8, 5274.47, -123.878, 9.9274, -49.6162 )
_sections_unfolded = [ "Z Index" ]

[node name="CollisionPolygon2D2" type="CollisionPolygon2D" parent="game_place/StaticBody2D"]
build_mode = 0
polygon = PoolVector2Array( 407.14, 256.855, 440.311, 260.836, 467.511, 241.596, 521.912, 319.88, 547.122, 319.88, 564.37, 347.08, 556.409, 370.963, 576.975, 397.5, 571.668, 428.681, 489.404, 463.842, 427.706, 468.486, 381.93, 455.218, 375.959, 409.442, 398.515, 379.588, 367.335, 335.802 )

[node name="Island" type="Sprite" parent="game_place"]
position = Vector2( 466.955, 377.225 )
rotation = 0.523598
texture = ExtResource( 6 )

[node name="island_2" parent="game_place" instance=ExtResource( 7 )]
position = Vector2( 2138.06, 1148.21 )

[node name="island_8" parent="game_place" instance=ExtResource( 7 )]
position = Vector2( 1237.64, 1096.96 )

[node name="island_5" parent="game_place" instance=ExtResource( 7 )]
position = Vector2( 598.735, 2088.79 )

[node name="island_6" parent="game_place" instance=ExtResource( 7 )]
position = Vector2( 1726.09, 2454.81 )

[node name="island_3" parent="game_place" instance=ExtResource( 7 )]
position = Vector2( 3925.45, 1151.85 )

[node name="island_7" parent="game_place" instance=ExtResource( 7 )]
position = Vector2( 3105.56, 654.06 )

[node name="island_4" parent="game_place" instance=ExtResource( 7 )]
position = Vector2( 4097.67, 2541.39 )

[node name="island_9" parent="game_place" instance=ExtResource( 7 )]
position = Vector2( 3512.03, 1889.87 )

[node name="AudioStreamPlayer" type="AudioStreamPlayer" parent="game_place"]
stream = ExtResource( 8 )
volume_db = -3.43
pitch_scale = 1.0
autoplay = false
stream_paused = false
mix_target = 0
bus = "Master"

[node name="hud" type="CanvasLayer" parent="."]
layer = 1
offset = Vector2( 0, 0 )
rotation = 0.0
scale = Vector2( 1, 1 )
transform = Transform2D( 1, 0, 0, 1, 0, 0 )
script = ExtResource( 9 )

[node name="container_p1" type="HBoxContainer" parent="hud"]
visible = false
anchor_left = 0.0
anchor_top = 0.0
anchor_right = 0.0
anchor_bottom = 0.0
margin_left = 109.0
margin_top = 943.0
margin_right = 509.0
margin_bottom = 1043.0
rect_pivot_offset = Vector2( 0, 0 )
rect_clip_content = false
mouse_filter = 1
mouse_default_cursor_shape = 0
size_flags_horizontal = 1
size_flags_vertical = 1
alignment = 0

[node name="MarginContainer" type="MarginContainer" parent="hud/container_p1"]
anchor_left = 0.0
anchor_top = 0.0
anchor_right = 0.0
anchor_bottom = 0.0
margin_right = 760.0
margin_bottom = 160.0
rect_pivot_offset = Vector2( 0, 0 )
rect_clip_content = false
mouse_filter = 0
mouse_default_cursor_shape = 0
size_flags_horizontal = 1
size_flags_vertical = 1
_sections_unfolded = [ "Margin" ]

[node name="life_bar" type="TextureProgress" parent="hud/container_p1/MarginContainer"]
anchor_left = 0.0
anchor_top = 0.0
anchor_right = 0.0
anchor_bottom = 0.0
margin_right = 760.0
margin_bottom = 160.0
rect_pivot_offset = Vector2( 0, 0 )
rect_clip_content = false
mouse_filter = 1
mouse_default_cursor_shape = 0
size_flags_horizontal = 1
size_flags_vertical = 1
min_value = 0.0
max_value = 100.0
step = 1.0
page = 0.0
value = 100.0
exp_edit = false
rounded = false
allow_greater = false
allow_lesser = false
texture_under = null
texture_over = null
texture_progress = ExtResource( 10 )
tint_under = Color( 1, 1, 1, 1 )
tint_over = Color( 1, 1, 1, 1 )
tint_progress = Color( 1, 1, 1, 1 )
radial_fill_degrees = 360.0
radial_center_offset = Vector2( 0, 0 )
nine_patch_stretch = false
_sections_unfolded = [ "Material", "Rect", "Textures", "Visibility", "texture_progress" ]

[node name="Rabbit_Blue" type="Sprite" parent="hud/container_p1/MarginContainer"]
visible = false
position = Vector2( 581.504, -83.2481 )
rotation = -0.00601182
scale = Vector2( 0.551159, 0.551159 )
z_index = -1
texture = ExtResource( 11 )
_sections_unfolded = [ "Z Index" ]

[node name="container_p2" type="HBoxContainer" parent="hud"]
visible = false
anchor_left = 0.0
anchor_top = 0.0
anchor_right = 0.0
anchor_bottom = 0.0
margin_left = 1493.0
margin_top = 943.0
margin_right = 1893.0
margin_bottom = 1043.0
rect_pivot_offset = Vector2( 0, 0 )
rect_clip_content = false
mouse_filter = 1
mouse_default_cursor_shape = 0
size_flags_horizontal = 1
size_flags_vertical = 1
alignment = 2
_sections_unfolded = [ "Margin" ]

[node name="MarginContainer" type="MarginContainer" parent="hud/container_p2"]
anchor_left = 0.0
anchor_top = 0.0
anchor_right = 0.0
anchor_bottom = 0.0
margin_right = 760.0
margin_bottom = 160.0
rect_pivot_offset = Vector2( 0, 0 )
rect_clip_content = false
mouse_filter = 0
mouse_default_cursor_shape = 0
size_flags_horizontal = 1
size_flags_vertical = 1
_sections_unfolded = [ "Anchor", "Margin" ]

[node name="Rabbit_Red" type="Sprite" parent="hud/container_p2/MarginContainer"]
visible = false
position = Vector2( 311.149, -25.683 )
scale = Vector2( -0.553263, 0.553263 )
texture = ExtResource( 12 )
_sections_unfolded = [ "Transform" ]

[node name="life_bar" type="TextureProgress" parent="hud/container_p2/MarginContainer"]
anchor_left = 0.0
anchor_top = 0.0
anchor_right = 0.0
anchor_bottom = 0.0
margin_right = 760.0
margin_bottom = 160.0
rect_pivot_offset = Vector2( 0, 0 )
rect_clip_content = false
mouse_filter = 1
mouse_default_cursor_shape = 0
size_flags_horizontal = 1
size_flags_vertical = 1
min_value = 0.0
max_value = 100.0
step = 1.0
page = 0.0
value = 100.0
exp_edit = false
rounded = false
allow_greater = false
allow_lesser = false
texture_under = null
texture_over = null
texture_progress = ExtResource( 10 )
fill_mode = 1
tint_under = Color( 1, 1, 1, 1 )
tint_over = Color( 1, 1, 1, 1 )
tint_progress = Color( 1, 1, 1, 1 )
radial_fill_degrees = 360.0
radial_center_offset = Vector2( 0, 0 )
nine_patch_stretch = false
_sections_unfolded = [ "Rect", "Textures", "texture_progress" ]

[node name="container_p3" type="HBoxContainer" parent="hud"]
anchor_left = 0.0
anchor_top = 0.0
anchor_right = 0.0
anchor_bottom = 0.0
margin_left = 1480.0
margin_top = 948.0
margin_right = 1880.0
margin_bottom = 1048.0
rect_pivot_offset = Vector2( 0, 0 )
rect_clip_content = false
mouse_filter = 1
mouse_default_cursor_shape = 0
size_flags_horizontal = 1
size_flags_vertical = 1
alignment = 2
_sections_unfolded = [ "Margin" ]

[node name="MarginContainer" type="MarginContainer" parent="hud/container_p3"]
anchor_left = 0.0
anchor_top = 0.0
anchor_right = 0.0
anchor_bottom = 0.0
margin_left = 400.0
margin_right = 400.0
margin_bottom = 100.0
rect_pivot_offset = Vector2( 0, 0 )
rect_clip_content = false
mouse_filter = 0
mouse_default_cursor_shape = 0
size_flags_horizontal = 1
size_flags_vertical = 1
_sections_unfolded = [ "Anchor", "Margin" ]

[node name="explosion_particle" parent="." instance=ExtResource( 13 )]
position = Vector2( 1091.43, 387.024 )
one_shot = true

